@techreport{indico:Markus_cf,
  author =	 "Seidel, M. and Schleper, P. and Stadie, H.",
  collaboration ="{CMS}",
  TITLE =	 "Study of colour flow in l+jets",
  url =          "https://indico.cern.ch/event/276523/contributions/622482/attachments/502591/694047/colourflow_mseidel.pdf",
  type =	 "site",
  year =	 "2013"
}

@article{Aad:2008zzm,
      author         = "Aad, G. and others",
      title          = "{The ATLAS Experiment at the CERN Large Hadron Collider}",
      collaboration  = "ATLAS",
      journal        = "JINST",
      volume         = "3",
      year           = "2008",
      pages          = "S08003",
      doi            = "10.1088/1748-0221/3/08/S08003",
      SLACcitation   = "%%CITATION = JINST,3,S08003;%%"
}

@TECHREPORT{twiki:PhysicsApprovals,
      collaboration="{CMs}",
      TITLE       = "CMS procedure for approvals of physics analyses",
      URL         = "https://twiki.cern.ch/twiki/bin/viewauth/CMS/PhysicsApprovals",
      TYPE        = "Twiki Page",
      YEAR        = "2018"
}

@article{Kobayashi:1973fv,
  author =	 "Kobayashi, Makoto and Maskawa, Toshihide",
  title =	 "{CP Violation in the Renormalizable Theory of Weak
                  Interaction}",
  journal =	 "Prog. Theor. Phys.",
  volume =	 "49",
  year =	 "1973",
  pages =	 "652-657",
  doi =		 "10.1143/PTP.49.652",
  reportNumber = "KUNS-242",
  SLACcitation = "%%CITATION = PTPKA,49,652;%%"
}

@article{Abe:1995hr,
  author =	 "Abe, F. and others",
  title =	 "{Observation of top quark production in $\bar{p}p$
                  collisions}",
  collaboration ="CDF",
  journal =	 "Phys. Rev. Lett.",
  volume =	 "74",
  year =	 "1995",
  pages =	 "2626-2631",
  doi =		 "10.1103/PhysRevLett.74.2626",
  eprint =	 "hep-ex/9503002",
  archivePrefix ="arXiv",
  primaryClass = "hep-ex",
  reportNumber = "FERMILAB-PUB-95-022-E, CDF-PUB-TOP-PUBLIC-3040,
                  ANL-HEP-PR-95-44",
  SLACcitation = "%%CITATION = HEP-EX/9503002;%%"
}

@article{D0:1995jca,
  author =	 "Abachi, S. and others",
  title =	 "{Observation of the top quark}",
  collaboration ="D0",
  journal =	 "Phys. Rev. Lett.",
  volume =	 "74",
  year =	 "1995",
  pages =	 "2632-2637",
  doi =		 "10.1103/PhysRevLett.74.2632",
  eprint =	 "hep-ex/9503003",
  archivePrefix ="arXiv",
  primaryClass = "hep-ex",
  reportNumber = "FERMILAB-PUB-95-028-E, D0-2698, D0-PUB-95-7",
  SLACcitation = "%%CITATION = HEP-EX/9503003;%%"
}

@article{ATLAS:2014wva,
  title =	 "{First combination of Tevatron and LHC measurements
                  of the top-quark mass}",
  collaboration ="ATLAS, CDF, CMS, D0",
  year =	 "2014",
  eprint =	 "1403.4427",
  archivePrefix ="arXiv",
  primaryClass = "hep-ex",
  reportNumber = "ATLAS-CONF-2014-008, CDF-NOTE-11071,
                  CMS-PAS-TOP-13-014, D0-NOTE-6416,
                  FERMILAB-TM-2582-E",
  SLACcitation = "%%CITATION = ARXIV:1403.4427;%%"
}

@article{Khachatryan:2015uqb,
  author =	 "Khachatryan, Vardan and others",
  title =	 "{Measurement of the top quark pair production cross
                  section in proton-proton collisions at $\sqrt(s) =$
                  13 TeV}",
  collaboration ="CMS",
  journal =	 "Phys. Rev. Lett.",
  volume =	 116,
  year =	 2016,
  number =	 5,
  pages =	 052002,
  doi =		 "10.1103/PhysRevLett.116.052002",
  eprint =	 "1510.05302",
  archivePrefix ="arXiv",
  primaryClass = "hep-ex",
  reportNumber = "CMS-TOP-15-003, CERN-PH-EP-2015-280",
  SLACcitation = "%%CITATION = ARXIV:1510.05302;%%"
}

@article{Husdal:2016haj,
  author =	 "Husdal, Lars",
  title =	 "{On Effective Degrees of Freedom in the Early
                  Universe}",
  journal =	 "Galaxies",
  volume =	 "4",
  year =	 "2016",
  number =	 "4",
  pages =	 "78",
  doi =		 "10.3390/galaxies4040078",
  eprint =	 "1609.04979",
  archivePrefix ="arXiv",
  primaryClass = "astro-ph.CO",
  SLACcitation = "%%CITATION = ARXIV:1609.04979;%%"
}
									

@TECHREPORT{twiki:tt_curve_toplhcwg_sep18,
      collaboration="{LHC top working group}",
      TITLE       = "Summary of LHC and Tevatron measurements of the top-pair production cross-section as a function of the centre-of-mass energy compared to the NNLO QCD calculation complemented with NNLL resummation (top++2.0)",
      URL         = "https://twiki.cern.ch/twiki/pub/LHCPhysics/LHCTopWGSummaryPlots/tt_curve_toplhcwg_sep18.pdf",
      TYPE        = "Twiki Page",
      YEAR        = "2018"
}

@article{Aaltonen:2015cra,
  author =	 "Aaltonen, Timo Antero and others",
  title =	 "{Tevatron Combination of Single-Top-Quark Cross
                  Sections and Determination of the Magnitude of the
                  Cabibbo-Kobayashi-Maskawa Matrix Element $\bf
                  V_{tb}$}",
  collaboration ="CDF, D0",
  journal =	 "Phys. Rev. Lett.",
  volume =	 "115",
  year =	 "2015",
  number =	 "15",
  pages =	 "152003",
  doi =		 "10.1103/PhysRevLett.115.152003",
  eprint =	 "1503.05027",
  archivePrefix ="arXiv",
  primaryClass = "hep-ex",
  reportNumber = "FERMILAB-PUB-15-088-E",
  SLACcitation = "%%CITATION = ARXIV:1503.05027;%%"
}

@article{Patrignani:2016xqp,
  author =	 "Patrignani, C. and others",
  title =	 "{Review of Particle Physics}",
  collaboration ="Particle Data Group",
  journal =	 "Chin. Phys.",
  volume =	 "C40",
  year =	 "2016",
  number =	 "10",
  pages =	 "100001",
  doi =		 "10.1088/1674-1137/40/10/100001",
  SLACcitation = "%%CITATION = CHPHD,C40,100001;%%"
}
							    

@TECHREPORT{twiki:singletop_vtb_lhc_may18,
      collaboration="{LHC Top working group}",
      TITLE       = "Summary of the ATLAS and CMS extractions of the CKM matrix element Vtb from single top quark measurements",
      URL         = "https://twiki.cern.ch/twiki/pub/LHCPhysics/LHCTopWGSummaryPlots/singletop_vtb_lhc_may18.pdf",
      TYPE        = "Twiki Page",
      YEAR        = "2018"
}

@article{Andersson:1983ia,
  author =	 "Andersson, Bo and Gustafson, G. and Ingelman, G. and
                  Sjostrand, T.",
  title =	 "{Parton Fragmentation and String Dynamics}",
  journal =	 "Phys. Rept.",
  volume =	 "97",
  year =	 "1983",
  pages =	 "31-145",
  doi =		 "10.1016/0370-1573(83)90080-7",
  reportNumber = "LU-TP-83-10",
  SLACcitation = "%%CITATION = PRPLC,97,31;%%"
}
									

@article{Abazov:2010tm,
  author =	 "Abazov, Victor Mukhamedovich and others",
  title =	 "{Determination of the width of the top quark}",
  collaboration ="D0",
  journal =	 "Phys. Rev. Lett.",
  volume =	 "106",
  year =	 "2011",
  pages =	 "022001",
  doi =		 "10.1103/PhysRevLett.106.022001",
  eprint =	 "1009.5686",
  archivePrefix ="arXiv",
  primaryClass = "hep-ex",
  reportNumber = "FERMILAB-PUB-10-394-E",
  SLACcitation = "%%CITATION = ARXIV:1009.5686;%%"
}

@article{Cristinziani:2016vif,
  author =	 "Cristinziani, Markus and Mulders, Martijn",
  title =	 "{Top-quark physics at the Large Hadron Collider}",
  journal =	 "J. Phys.",
  volume =	 "G44",
  year =	 "2017",
  number =	 "6",
  pages =	 "063001",
  doi =		 "10.1088/1361-6471/44/6/063001",
  eprint =	 "1606.00327",
  archivePrefix ="arXiv",
  primaryClass = "hep-ex",
  SLACcitation = "%%CITATION = ARXIV:1606.00327;%%"
}


@Article{Aad:2015lxa,
  author =	 "Aad, Georges and others",
  title =	 "{Measurement of colour flow with the jet pull angle
                  in $t\bar{t}$ events using the ATLAS detector at
                  $\sqrt{s}=8$ TeV}",
  collaboration ="ATLAS",
  journal =	 "Phys. Lett.",
  volume =	 "B750",
  year =	 2015,
  pages =	 "475-493",
  doi =		 "10.1016/j.physletb.2015.09.051",
  eprint =	 "1506.05629",
  archivePrefix ="arXiv",
  primaryClass = "hep-ex",
  reportNumber = "CERN-PH-EP-2015-128",
  SLACcitation = "%%CITATION = ARXIV:1506.05629;%%"
}

@article{Gallicchio:2010sw,
  author =	 "Gallicchio, Jason and Schwartz, Matthew D.",
  title =	 "{Seeing in Color: Jet Superstructure}",
  journal =	 "Phys. Rev. Lett.",
  volume =	 "105",
  year =	 "2010",
  pages =	 "022001",
  doi =		 "10.1103/PhysRevLett.105.022001",
  eprint =	 "1001.5027",
  archivePrefix ="arXiv",
  primaryClass = "hep-ph",
  SLACcitation = "%%CITATION = ARXIV:1001.5027;%%"
}

@article{Abazov:2011vh,
  author =	 "Abazov, Victor Mukhamedovich and others",
  title =	 "{Measurement of color flow in $\mathbf{t\bar{t}}$
                  events from $\mathbf{p\bar{p}}$ collisions at
                  $\mathbf{\sqrt{s}=1.96}$ TeV}",
  collaboration ="D0",
  journal =	 "Phys. Rev.",
  volume =	 "D83",
  year =	 "2011",
  pages =	 "092002",
  doi =		 "10.1103/PhysRevD.83.092002",
  eprint =	 "1101.0648",
  archivePrefix ="arXiv",
  primaryClass = "hep-ex",
  reportNumber = "FERMILAB-PUB-11-002-E",
  SLACcitation = "%%CITATION = ARXIV:1101.0648;%%"
}

@inproceedings{Abreu:2001yj,
  author =	 "Abreu, P.",
  title =	 "{Color reconnection at LEP-2}",
  booktitle =	 "{Multiparticle dynamics. Proceedings, 31st
                  International Symposium, ISMD 2001, Datong, China,
                  September 1-7, 2001}",
  url =		 "http://www.slac.stanford.edu/econf/C010901",
  year =	 "2001",
  pages =	 "33-40",
  eprint =	 "hep-ph/0111395",
  archivePrefix ="arXiv",
  primaryClass = "hep-ph",
  SLACcitation = "%%CITATION = HEP-PH/0111395;%%"
}

@article{Abbiendi:2005es,
  author =	 "Abbiendi, G. and others",
  title =	 "{Colour reconnection in $e^{+}e^{-}\rightarrow W^{+} W^{-}$ at $\sqrt{s}$ = 189-GeV - 209-GeV}",
  collaboration ="OPAL",
  journal =	 "Eur. Phys. J.",
  volume =	 "C45",
  year =	 "2006",
  pages =	 "291-305",
  doi =		 "10.1140/epjc/s2005-02439-x",
  eprint =	 "hep-ex/0508062",
  archivePrefix ="arXiv",
  primaryClass = "hep-ex",
  reportNumber = "CERN-PH-EP-2005-035",
  SLACcitation = "%%CITATION = HEP-EX/0508062;%%"
}

@article{Abdallah:2006uq,
  author =	 "Abdallah, J. and others",
  title =	 "{Investigation of colour reconnection in WW events
                  with the DELPHI detector at LEP-2}",
  collaboration ="DELPHI",
  journal =	 "Eur. Phys. J.",
  volume =	 "C51",
  year =	 "2007",
  pages =	 "249-269",
  doi =		 "10.1140/epjc/s10052-007-0304-9",
  eprint =	 "0704.0597",
  archivePrefix ="arXiv",
  primaryClass = "hep-ex",
  reportNumber = "CERN-PH-EP-2006-037",
  SLACcitation = "%%CITATION = ARXIV:0704.0597;%%"
}

@article{Achard:2003pe,
  author =	 "Achard, P. and others",
  title =	 "{Search for color reconnection effects in $e^{+}
                  e^{-} \to W^{+} W^{-} \to$ hadrons through particle
                  flow studies at LEP}",
  collaboration ="L3",
  journal =	 "Phys. Lett.",
  volume =	 "B561",
  year =	 "2003",
  pages =	 "202-212",
  doi =		 "10.1016/S0370-2693(03)00490-8",
  eprint =	 "hep-ex/0303042",
  archivePrefix ="arXiv",
  primaryClass = "hep-ex",
  reportNumber = "CERN-EP-2003-012",
  SLACcitation = "%%CITATION = HEP-EX/0303042;%%"
}

@article{ATLAS:2017iaz,
  author =	 "The ATLAS collaboration",
  title =	 "{Measurement of colour flow using jet-pull
                  observables in $t\bar{t}$ events with the ATLAS
                  experiment at $\sqrt{s} = 13$ TeV}",
  collaboration ="ATLAS",
  year =	 "2017",
  reportNumber = "ATLAS-CONF-2017-069",
  SLACcitation = "%%CITATION = ATLAS-CONF-2017-069;%%"
}
						

@article{Higgs:1964ia,
  author =	 "Higgs, Peter W.",
  title =	 "{Broken symmetries, massless particles and gauge
                  fields}",
  journal =	 "Phys. Lett.",
  volume =	 "12",
  year =	 "1964",
  pages =	 "132-133",
  doi =		 "10.1016/0031-9163(64)91136-9",
  SLACcitation = "%%CITATION = PHLTA,12,132;%%"
}

@article{Englert:1964et,
  author =	 "Englert, F. and Brout, R.",
  title =	 "{Broken Symmetry and the Mass of Gauge Vector
                  Mesons}",
  journal =	 "Phys. Rev. Lett.",
  volume =	 "13",
  year =	 "1964",
  pages =	 "321-323",
  doi =		 "10.1103/PhysRevLett.13.321",
  note =	 "[,157(1964)]",
  SLACcitation = "%%CITATION = PRLTA,13,321;%%"
}

@article{Chatrchyan:2012xdj,
  author =	 "Chatrchyan, Serguei and others",
  title =	 "{Observation of a new boson at a mass of 125 GeV
                  with the CMS experiment at the LHC}",
  collaboration ="CMS",
  journal =	 "Phys. Lett.",
  volume =	 "B716",
  year =	 "2012",
  pages =	 "30-61",
  doi =		 "10.1016/j.physletb.2012.08.021",
  eprint =	 "1207.7235",
  archivePrefix ="arXiv",
  primaryClass = "hep-ex",
  reportNumber = "CMS-HIG-12-028, CERN-PH-EP-2012-220",
  SLACcitation = "%%CITATION = ARXIV:1207.7235;%%"
}

@article{Aad:2012tfa,
  author =	 "Aad, Georges and others",
  title =	 "{Observation of a new particle in the search for the
                  Standard Model Higgs boson with the ATLAS detector
                  at the LHC}",
  collaboration ="ATLAS",
  journal =	 "Phys. Lett.",
  volume =	 "B716",
  year =	 "2012",
  pages =	 "1-29",
  doi =		 "10.1016/j.physletb.2012.08.020",
  eprint =	 "1207.7214",
  archivePrefix ="arXiv",
  primaryClass = "hep-ex",
  reportNumber = "CERN-PH-EP-2012-218",
  SLACcitation = "%%CITATION = ARXIV:1207.7214;%%"
}

@article{Bruning:2004ej,
  author =	 "Bruning, Oliver S. and Collier, P. and Lebrun,
                  P. and Myers, S. and Ostojic, R. and Poole, J. and
                  Proudlock, P.",
  title =	 "{LHC Design Report Vol.1: The LHC Main Ring}",
  year =	 "2004",
  reportNumber = "CERN-2004-003-V1, CERN-2004-003, CERN-2004-003-V-1",
  SLACcitation = "%%CITATION = CERN-2004-003-V1;%%"
}

@article{MYERS:2013hra,
  author =	 "Myers, Stephen",
  title =	 "{The Large Hadron Collider 2008-2013}",
  journal =	 "Int. J. Mod. Phys.",
  volume =	 "A28",
  year =	 "2013",
  pages =	 "1330035",
  doi =		 "10.1142/S0217751X13300354",
  SLACcitation = "%%CITATION = IMPAE,A28,1330035;%%"
}

@article{Evans:2008zzb,
  author =	 "Evans, Lyndon and Bryant, Philip",
  title =	 "{LHC Machine}",
  journal =	 "JINST",
  volume =	 "3",
  year =	 "2008",
  pages =	 "S08001",
  doi =		 "10.1088/1748-0221/3/08/S08001",
  SLACcitation = "%%CITATION = JINST,3,S08001;%%"
}
						

@article{Sirunyan:2017ulk,
  author =	 "Sirunyan, Albert M and others",
  title =	 "{Particle-flow reconstruction and global event
                  description with the CMS detector}",
  collaboration ="CMS",
  year =	 "2017",
  eprint =	 "1706.04965",
  archivePrefix ="arXiv",
  primaryClass = "physics.ins-det",
  reportNumber = "CMS-PRF-14-001, CERN-EP-2017-110",
  SLACcitation = "%%CITATION = ARXIV:1706.04965;%%"
}

@article{Chatrchyan:2008aa,
  author =	 "Chatrchyan, S. and others",
  title =	 "{The CMS Experiment at the CERN LHC}",
  collaboration ="CMS",
  journal =	 "JINST",
  volume =	 "3",
  year =	 "2008",
  pages =	 "S08004",
  doi =		 "10.1088/1748-0221/3/08/S08004",
  SLACcitation = "%%CITATION = JINST,3,S08004;%%"
}

@book{Karimaki:368412,
  author =	 "Karimäki, V and Mannelli, M and Siegrist, P and
                  Breuker, H and Caner, A and Castaldi, R and
                  Freudenreich, K and Hall, G and Horisberger, R and
                  Huhtinen, M and Cattai, A",
  title =	 "{The CMS tracker system project: Technical Design
                  Report}",
  publisher =	 "CERN",
  collaboration ="CMS Collaboration",
  address =	 "Geneva",
  series =	 "Technical Design Report CMS",
  year =	 "1997",
  url =		 "https://cds.cern.ch/record/368412",
}

@book{tracker_addendum,
  title =	 "{The CMS tracker: addendum to the Technical Design
                  Report}",
  publisher =	 "CERN",
  collaboration ="CMS Collaboration",
  address =	 "Geneva",
  series =	 "Technical Design Report CMS",
  year =	 "2000",
  url =		 "https://cds.cern.ch/record/490194",
}

@article{Chatrchyan:2014fea,
  author =	 "Chatrchyan, Serguei and others",
  title =	 "{Description and performance of track and
                  primary-vertex reconstruction with the CMS tracker}",
  collaboration ="CMS",
  journal =	 "JINST",
  volume =	 "9",
  year =	 "2014",
  number =	 "10",
  pages =	 "P10009",
  doi =		 "10.1088/1748-0221/9/10/P10009",
  eprint =	 "1405.6569",
  archivePrefix ="arXiv",
  primaryClass = "physics.ins-det",
  reportNumber = "CMS-TRK-11-001, CERN-PH-EP-2014-070",
  SLACcitation = "%%CITATION = ARXIV:1405.6569;%%"
}

@book{ECAL_des_rep,
  title =	 "{The CMS electromagnetic calorimeter project:
                  Technical Design Report}",
  publisher =	 "CERN",
  collaboration ="CMS Collaboration",
  address =	 "Geneva",
  series =	 "Technical Design Report CMS",
  year =	 "1997",
  url =		 "https://cds.cern.ch/record/349375",
}

@book{Bloch:581342,
  author =	 "Bloch, Philippe and Brown, Robert and Lecoq, Paul
                  and Rykaczewski, Hans",
  title =	 "{Changes to CMS ECAL electronics: addendum to the
                  Technical Design Report}",
  publisher =	 "CERN",
  collaboration ="CMS Collaboration",
  address =	 "Geneva",
  series =	 "Technical Design Report CMS",
  year =	 "2002",
  url =		 "https://cds.cern.ch/record/581342",
}

@article{Adzic:2007mi,
  author =	 "Adzic, P. and others",
  title =	 "{Energy resolution of the barrel of the CMS
                  electromagnetic calorimeter}",
  journal =	 "JINST",
  volume =	 "2",
  year =	 "2007",
  pages =	 "P04004",
  doi =		 "10.1088/1748-0221/2/04/P04004",
  reportNumber = "CERN-CMS-NOTE-2006-148",
  SLACcitation = "%%CITATION = JINST,2,P04004;%%"
}

@book{HCAL_report,
  title =	 "{The CMS hadron calorimeter project: Technical
                  Design Report}",
  publisher =	 "CERN",
  collaboration ="CMS Collaboration",
  address =	 "Geneva",
  series =	 "Technical Design Report CMS",
  year =	 "1997",
  url =		 "https://cds.cern.ch/record/357153",
}

@article{Abdullin:2009zz,
  author =	 "Abdullin, S. and others",
  title =	 "{The CMS barrel calorimeter response to particle
                  beams from 2-GeV/c to 350-GeV/c}",
  collaboration ="USCMS, ECAL/HCAL",
  journal =	 "Eur. Phys. J.",
  volume =	 "C60",
  year =	 "2009",
  pages =	 "359-373",
  doi =		 "10.1140/epjc/s10052-009-0959-5,
                  10.1140/epjc/s10052-009-1024-0",
  note =	 "[Erratum: Eur. Phys. J.C61,353(2009)]",
  reportNumber = "FERMILAB-PUB-08-661-E-PPD, CERN-CMS-NOTE-2008-034",
  SLACcitation = "%%CITATION = EPHJA,C60,359;%%"
}

@book{muon_tech_rep,
  title =	 "{The CMS muon project: Technical Design Report}",
  publisher =	 "CERN",
  collaboration ="CMS Collaboration",
  address =	 "Geneva",
  series =	 "Technical Design Report CMS",
  year =	 "1997",
  url =		 "https://cds.cern.ch/record/343814",
}
								  

@article{Chivukula:2013xla,
  author =	 "Chivukula, R. Sekhar and Farzinnia, Arsham and Ren,
                  Jing and Simmons, Elizabeth H.",
  title =	 "{Hadron Collider Production of Massive Color-Octet
                  Vector Bosons at Next-to-Leading Order}",
  journal =	 "Phys. Rev.",
  volume =	 "D87",
  year =	 "2013",
  number =	 "9",
  pages =	 "094011",
  doi =		 "10.1103/PhysRevD.87.094011",
  eprint =	 "1303.1120",
  archivePrefix ="arXiv",
  primaryClass = "hep-ph",
  reportNumber = "MSUHEP=130305",
  SLACcitation = "%%CITATION = ARXIV:1303.1120;%%"
}

@article{CMS:2017xrr,
  author =	 "CMS Collaboration",
  title =	 "{Searches for dijet resonances in pp collisions at
                  $\sqrt{s}=13~\mathrm{TeV}$ using data collected in
                  2016.}",
  collaboration ="CMS",
  year =	 "2017",
  reportNumber = "CMS-PAS-EXO-16-056",
  SLACcitation = "%%CITATION = CMS-PAS-EXO-16-056;%%"
}

@article{Han:2010rf,
  author =	 "Han, Tao and Lewis, Ian and Liu, Zhen",
  title =	 "{Colored Resonant Signals at the LHC: Largest Rate
                  and Simplest Topology}",
  journal =	 "JHEP",
  volume =	 "12",
  year =	 "2010",
  pages =	 "085",
  doi =		 "10.1007/JHEP12(2010)085",
  eprint =	 "1010.4309",
  archivePrefix ="arXiv",
  primaryClass = "hep-ph",
  reportNumber = "MADPH-10-1563",
  SLACcitation = "%%CITATION = ARXIV:1010.4309;%%"
}

@article{Haisch:2011up,
  author =	 "Haisch, Ulrich and Westhoff, Susanne",
  title =	 "{Massive Color-Octet Bosons: Bounds on Effects in
                  Top-Quark Pair Production}",
  journal =	 "JHEP",
  volume =	 "08",
  year =	 "2011",
  pages =	 "088",
  doi =		 "10.1007/JHEP08(2011)088",
  eprint =	 "1106.0529",
  archivePrefix ="arXiv",
  primaryClass = "hep-ph",
  reportNumber = "MZ-TH-11-14",
  SLACcitation = "%%CITATION = ARXIV:1106.0529;%%"
}

@article{Chatrchyan:2011ns,
  author =	 "Chatrchyan, Serguei and others",
  title =	 "{Search for Resonances in the Dijet Mass Spectrum
                  from 7 TeV pp Collisions at CMS}",
  collaboration ="CMS",
  journal =	 "Phys. Lett.",
  volume =	 "B704",
  year =	 "2011",
  pages =	 "123-142",
  doi =		 "10.1016/j.physletb.2011.09.015",
  eprint =	 "1107.4771",
  archivePrefix ="arXiv",
  primaryClass = "hep-ex",
  reportNumber = "CERN-PH-EP-2011-119, CMS-EXO-11-015",
  SLACcitation = "%%CITATION = ARXIV:1107.4771;%%"
}

@article{Aad:2011fq,
  author =	 "Aad, Georges and others",
  title =	 "{Search for New Physics in the Dijet Mass
                  Distribution using 1 fb$^{-1}$ of $pp$ Collision
                  Data at $\sqrt{s}=$7 TeV collected by the ATLAS
                  Detector}",
  collaboration ="ATLAS",
  journal =	 "Phys. Lett.",
  volume =	 "B708",
  year =	 "2012",
  pages =	 "37-54",
  doi =		 "10.1016/j.physletb.2012.01.035",
  eprint =	 "1108.6311",
  archivePrefix ="arXiv",
  primaryClass = "hep-ex",
  reportNumber = "CERN-PH-EP-2011-127",
  SLACcitation = "%%CITATION = ARXIV:1108.6311;%%"
}

@article{Ferrario:2009bz,
  author =	 "Ferrario, Paola and Rodrigo, German",
  title =	 "{Constraining heavy colored resonances from
                  top-antitop quark events}",
  journal =	 "Phys. Rev.",
  volume =	 "D80",
  year =	 "2009",
  pages =	 "051701",
  doi =		 "10.1103/PhysRevD.80.051701",
  eprint =	 "0906.5541",
  archivePrefix ="arXiv",
  primaryClass = "hep-ph",
  reportNumber = "IFIC-09-25",
  SLACcitation = "%%CITATION = ARXIV:0906.5541;%%"
}

@article{Frampton:2009rk,
  author =	 "Frampton, Paul H. and Shu, Jing and Wang, Kai",
  title =	 "{Axigluon as Possible Explanation for p anti-p $\rightarrow$
                  t anti-t Forward-Backward Asymmetry}",
  journal =	 "Phys. Lett.",
  volume =	 "B683",
  year =	 "2010",
  pages =	 "294-297",
  doi =		 "10.1016/j.physletb.2009.12.043",
  eprint =	 "0911.2955",
  archivePrefix ="arXiv",
  primaryClass = "hep-ph",
  reportNumber = "IPMU-09-0135",
  SLACcitation = "%%CITATION = ARXIV:0911.2955;%%"
}

@article{Aaltonen:2008hc,
  author =	 "Aaltonen, T. and others",
  title =	 "{Forward-Backward Asymmetry in Top Quark Production
                  in $p\bar{p}$ Collisions at $\sqrt{s}=1.96$ TeV}",
  collaboration ="CDF",
  journal =	 "Phys. Rev. Lett.",
  volume =	 "101",
  year =	 "2008",
  pages =	 "202001",
  doi =		 "10.1103/PhysRevLett.101.202001",
  eprint =	 "0806.2472",
  archivePrefix ="arXiv",
  primaryClass = "hep-ex",
  reportNumber = "FERMILAB-PUB-08-171-E",
  SLACcitation = "%%CITATION = ARXIV:0806.2472;%%"
}

@article{Aaltonen:2011kc,
  author =	 "Aaltonen, T. and others",
  title =	 "{Evidence for a Mass Dependent Forward-Backward
                  Asymmetry in Top Quark Pair Production}",
  collaboration ="CDF",
  journal =	 "Phys. Rev.",
  volume =	 "D83",
  year =	 "2011",
  pages =	 "112003",
  doi =		 "10.1103/PhysRevD.83.112003",
  eprint =	 "1101.0034",
  archivePrefix ="arXiv",
  primaryClass = "hep-ex",
  reportNumber = "FERMILAB-PUB-10-525-E",
  SLACcitation = "%%CITATION = ARXIV:1101.0034;%%"
}

@TECHREPORT{twiki:JER,
      collaboration="{JetMET POG}",
      TITLE       = "Jet Energy Resolution Measurement",
      URL         = "https://twiki.cern.ch/twiki/bin/viewauth/CMS/JetResolution",
      TYPE        = "Twiki Page",
      YEAR        = "2017"
}

@article{Khachatryan:2015hba,
  author =	 "Khachatryan, Vardan and others",
  title =	 "{Measurement of the top quark mass using
                  proton-proton data at ${\sqrt{(s)}}$ = 7 and 8 TeV}",
  collaboration ="CMS",
  journal =	 "Phys. Rev.",
  volume =	 "D93",
  year =	 "2016",
  number =	 "7",
  pages =	 "072004",
  doi =		 "10.1103/PhysRevD.93.072004",
  eprint =	 "1509.04044",
  archivePrefix ="arXiv",
  primaryClass = "hep-ex",
  reportNumber = "CMS-TOP-14-022, CERN-PH-EP-2015-234",
  SLACcitation = "%%CITATION = ARXIV:1509.04044;%%"
}

@techreport{site:brilcalc,
            collaboration="{BRIL}",
            TITLE="BRIL Work Suite",
            url="http://cms-service-lumi.web.cern.ch/cms-service-lumi/brilwsdoc.html",
            type="site",
            year="2015"
}

@techreport{twiki:cmssw,
            collaboration="{CMS}",
            TITLE="CMSSW Application Framework",
            url="https://twiki.cern.ch/twiki/bin/view/CMSPublic/WorkBookCMSSWFramework",
            type="site",
            year="2018"
}

@article{Eckart,
author={Eckart, R.},
year={1987},
title={Stan Ulam, John von Neumann, and the Monte Carlo Method},
journal={Los Alamos Science, Special issue},
volume={15},
pages={131-137},
} 

@article{Metropolis,
author={Metropolis,N. and Ulam,S.},
year={1949},
title={The Monte Carlo Method},
journal={Journal of the American Statistical Association},
volume={44},
number={247},
pages={335-341},
note={Cited By :2264},
language={English},
url={www.scopus.com},
} 

@article{Webber:1986mc,
  author =	 "Webber, B. R.",
  title =	 "{Monte Carlo Simulation of Hard Hadronic Processes}",
  journal =	 "Ann. Rev. Nucl. Part. Sci.",
  volume =	 "36",
  year =	 "1986",
  pages =	 "253-286",
  doi =		 "10.1146/annurev.ns.36.120186.001345",
  reportNumber = "HEP-86-3",
  SLACcitation = "%%CITATION = ARNUA,36,253;%%"
}

@inproceedings{Sjostrand:2006su,
  author =	 "Sjostrand, Torbjorn",
  title =	 "{Monte Carlo Generators}",
  booktitle =	 "{High-energy physics. Proceedings, European School,
                  Aronsborg, Sweden, June 18-July 1, 2006}",
  url =		 "http://weblib.cern.ch/abstract?CERN-LCGAPP-2006-06",
  year =	 "2006",
  pages =	 "51-74",
  eprint =	 "hep-ph/0611247",
  archivePrefix ="arXiv",
  primaryClass = "hep-ph",
  reportNumber = "CERN-LCGAPP-2006-06",
  SLACcitation = "%%CITATION = HEP-PH/0611247;%%"
}

@article{Frixione:2007vw,
  author =	 "Frixione, Stefano and Nason, Paolo and Oleari,
                  Carlo",
  title =	 "{Matching NLO QCD computations with Parton Shower
                  simulations: the POWHEG method}",
  journal =	 "JHEP",
  volume =	 "11",
  year =	 "2007",
  pages =	 "070",
  doi =		 "10.1088/1126-6708/2007/11/070",
  eprint =	 "0709.2092",
  archivePrefix ="arXiv",
  primaryClass = "hep-ph",
  reportNumber = "BICOCCA-FT-07-9, GEF-TH-21-2007",
  SLACcitation = "%%CITATION = ARXIV:0709.2092;%%"
}

@article{Frixione:2007nw,
  author =	 "Frixione, Stefano and Nason, Paolo and Ridolfi,
                  Giovanni",
  title =	 "{A Positive-weight next-to-leading-order Monte Carlo
                  for heavy flavour hadroproduction}",
  journal =	 "JHEP",
  volume =	 "09",
  year =	 "2007",
  pages =	 "126",
  doi =		 "10.1088/1126-6708/2007/09/126",
  eprint =	 "0707.3088",
  archivePrefix ="arXiv",
  primaryClass = "hep-ph",
  reportNumber = "BICOCCA-FT-07-12, GEF-TH-19-2007",
  SLACcitation = "%%CITATION = ARXIV:0707.3088;%%"
}

@article{Sjostrand:2014zea,
  author =	 "Sjöstrand, Torbjörn and Ask, Stefan and
                  Christiansen, Jesper R. and Corke, Richard and
                  Desai, Nishita and Ilten, Philip and Mrenna, Stephen
                  and Prestel, Stefan and Rasmussen, Christine O. and
                  Skands, Peter Z.",
  title =	 "{An Introduction to PYTHIA 8.2}",
  journal =	 "Comput. Phys. Commun.",
  volume =	 "191",
  year =	 "2015",
  pages =	 "159-177",
  doi =		 "10.1016/j.cpc.2015.01.024",
  eprint =	 "1410.3012",
  archivePrefix ="arXiv",
  primaryClass = "hep-ph",
  reportNumber = "LU-TP-14-36, MCNET-14-22, CERN-PH-TH-2014-190,
                  FERMILAB-PUB-14-316-CD, DESY-14-178, SLAC-PUB-16122",
  SLACcitation = "%%CITATION = ARXIV:1410.3012;%%"
}

@inproceedings{Boos:2001cv,
  author =	 "Boos, E. and others",
  title =	 "{Generic user process interface for event
                  generators}",
  booktitle =	 "{Physics at TeV colliders. Proceedings, Euro Summer
                  School, Les Houches, France, May 21-June 1, 2001}",
  url =
                  "http://lss.fnal.gov/archive/preprint/fermilab-conf-01-496-t.shtml",
  year =	 "2001",
  eprint =	 "hep-ph/0109068",
  archivePrefix ="arXiv",
  primaryClass = "hep-ph",
  reportNumber = "FERMILAB-CONF-01-496-T",
  SLACcitation = "%%CITATION = HEP-PH/0109068;%%"
}

@article{Alwall:2006yp,
  author =	 "Alwall, Johan and others",
  title =	 "{A Standard format for Les Houches event files}",
  booktitle =	 "{Monte Carlos for the LHC: A Workshop on the Tools
                  for LHC Event Simulation (MC4LHC) Geneva,
                  Switzerland, July 17-16, 2006}",
  journal =	 "Comput. Phys. Commun.",
  volume =	 "176",
  year =	 "2007",
  pages =	 "300-304",
  doi =		 "10.1016/j.cpc.2006.11.010",
  eprint =	 "hep-ph/0609017",
  archivePrefix ="arXiv",
  primaryClass = "hep-ph",
  reportNumber = "FERMILAB-PUB-06-337-T, CERN-LCGAPP-2006-03",
  SLACcitation = "%%CITATION = HEP-PH/0609017;%%"
}

@article{Andersen:2014efa,
  author =	 "Andersen, J. R. and others",
  title =	 "{Les Houches 2013: Physics at TeV Colliders:
                  Standard Model Working Group Report}",
  year =	 "2014",
  eprint =	 "1405.1067",
  archivePrefix ="arXiv",
  primaryClass = "hep-ph",
  SLACcitation = "%%CITATION = ARXIV:1405.1067;%%"
}

@techreport{Kovalchuk:CR,
  author =	 "N. Kovalchuk",
  TITLE =	 "{New Colour Reconnection Tune for Pythia8 CUETP8M2}",
  url =
                  "https://indico.cern.ch/event/632192/contributions/2555918/attachments/1445594/2226844/CRtune_CUETP8M2T4.pdf
                  ",
  type =	 "slides",
  year =	 "2017"
}

@article{Frixione:2002ik,
  author =	 "Frixione, Stefano and Webber, Bryan R.",
  title =	 "{Matching NLO QCD computations and parton shower
                  simulations}",
  journal =	 "JHEP",
  volume =	 "06",
  year =	 "2002",
  pages =	 "029",
  doi =		 "10.1088/1126-6708/2002/06/029",
  eprint =	 "hep-ph/0204244",
  archivePrefix ="arXiv",
  primaryClass = "hep-ph",
  reportNumber = "CAVENDISH-HEP-02-01, LAPTH-905-02, GEF-TH-2-2002",
  SLACcitation = "%%CITATION = HEP-PH/0204244;%%"
}

@article{Alwall:2014hca,
  author =	 "Alwall, J. and Frederix, R. and Frixione, S. and
                  Hirschi, V. and Maltoni, F. and Mattelaer, O. and
                  Shao, H. -S. and Stelzer, T. and Torrielli, P. and
                  Zaro, M.",
  title =	 "{The automated computation of tree-level and
                  next-to-leading order differential cross sections,
                  and their matching to parton shower simulations}",
  journal =	 "JHEP",
  volume =	 "07",
  year =	 "2014",
  pages =	 "079",
  doi =		 "10.1007/JHEP07(2014)079",
  eprint =	 "1405.0301",
  archivePrefix ="arXiv",
  primaryClass = "hep-ph",
  reportNumber = "CERN-PH-TH-2014-064, CP3-14-18, LPN14-066,
                  MCNET-14-09, ZU-TH-14-14",
  SLACcitation = "%%CITATION = ARXIV:1405.0301;%%"
}

@article{Alioli:2010xd,
  author =	 "Alioli, Simone and Nason, Paolo and Oleari, Carlo
                  and Re, Emanuele",
  title =	 "{A general framework for implementing NLO
                  calculations in shower Monte Carlo programs: the
                  POWHEG BOX}",
  journal =	 "JHEP",
  volume =	 "06",
  year =	 "2010",
  pages =	 "043",
  doi =		 "10.1007/JHEP06(2010)043",
  eprint =	 "1002.2581",
  archivePrefix ="arXiv",
  primaryClass = "hep-ph",
  reportNumber = "DESY-10-018, SFB-CPP-10-22, IPPP-10-11, DCPT-10-22",
  SLACcitation = "%%CITATION = ARXIV:1002.2581;%%"
}
										    

@techreport{Seidel:hdamp,
  author =	 "Seidel, M. and Diaz C.",
  TITLE =	 "{Powheg+Pythia8 $t\bar{t}$ tuning: $\alpha^{ISR}$ and $h_{\text{damp}}$}",
  url =          "https://indico.cern.ch/event/567994/contributions/2299854/attachments/1336057/2009649/tt_tuning_mseidel.pdf",
  type =	 "slides",
  year =	 "2016"
}

@techreport{twiki:SM13,
           collaboration="{GEN POG}",
            TITLE="Summary table of samples produced for the 1 Billion campaign, with 25ns bunch-crossing",
            url="https://twiki.cern.ch/twiki/bin/view/CMS/SummaryTable1G25ns",
            type="twiki",
            year="2015"
}

@techreport{twiki:SingleTopRefXsec,
           collaboration="{LHCtopWG}",
            TITLE="NLO single-top channel cross sections : ATLAS-CMS recommended predictions for single-top cross sections using the Hathor v2.1 program",
            url="https://twiki.cern.ch/twiki/bin/view/LHCPhysics/SingleTopRefXsec",
            type="twiki",
            year="2015"
}

@techreport{site:MCM,
            collaboration="{GEN POG}",
            TITLE="McM Monte-Carlo Request Management",
            url="https://cms-pdmv.cern.ch/mcm/",
            type="site",
            year="2015"
}

@techreport{twiki:TTbarNLO,
           collaboration="{LHCtopWG}",
            TITLE="NNLO+NNLL top-quark-pair cross sections : ATLAS-CMS recommended predictions for top-quark-pair cross sections using the Top++v2.0 program (M. Czakon, A. Mitov, 2013)",
            url="https://twiki.cern.ch/twiki/bin/view/LHCPhysics/TtbarNNLO",
            type="twiki",
            year="2015"
}

@Article{Agostinelli:2002hh,
     author    = "Agostinelli, S. and others",
     collaboration = "GEANT4",
     title     = "{GEANT4: A simulation toolkit}",
     journal   = "Nucl. Instrum. Meth.",
     volume    = "A506",
     year      = "2003",
     pages     = "250-303",
     doi       = "10.1016/S0168-9002(03)01368-8"
}

@techreport{Holzner:pu,
          author="{Holzner, A.}",
          TITLE="78 reconstructed vertices in event from high-pileup run 198609",
          url="http://cdsweb.cern.ch/record/1479324",
          type="CERN CDS",
          year="2012"
}

@techreport{twiki:pu_public,
          author="{CMS Collaboration}",
          TITLE="CMS Luminosity - Public Results",
          url="https://twiki.cern.ch/twiki/bin/view/CMSPublic/LumiPublicResults#2016_proton_proton_13_TeV_collis",
          type="twiki",
          year="2018"
}


@techreport{twiki:pileup,
           collaboration="{PVT}",
            TITLE="Utilities for Accessing Pileup Information for Data",
            url="https://twiki.cern.ch/twiki/bin/viewauth/CMS/PileupJSONFileforData",
            type="twiki",
            year="2015"
}

@article{Eichten:1984eu,
  author =	 "Eichten, E. and Hinchliffe, I. and Lane, Kenneth
                  D. and Quigg, C.",
  title =	 "{Super Collider Physics}",
  journal =	 "Rev. Mod. Phys.",
  volume =	 "56",
  year =	 "1984",
  pages =	 "579-707",
  doi =		 "10.1103/RevModPhys.56.579,
                  10.1103/RevModPhys.58.1065",
  note =	 "[Addendum: Rev. Mod. Phys.58,1065(1986)]",
  reportNumber = "FERMILAB-PUB-84-017-T, LBL-16875, DOE-ER-01545-345",
  SLACcitation = "%%CITATION = RMPHA,56,579;%%"
}

@article{Apollinari:2015bam,
  author =	 "Apollinari, G and Béjar Alonso, I and Brüning, O and
                  Lamont, M and Rossi, L",
  title =	 "{High-Luminosity Large Hadron Collider (HL-LHC) :
                  Preliminary Design Report}",
  doi =		 "10.5170/CERN-2015-005",
  year =	 "2015",
  reportNumber = "CERN-2015-005, FERMILAB-DESIGN-2015-02",
  SLACcitation = "%%CITATION = CERN-2015-005;%%"
}

@techreport{AN-17-056,
      author = "{T. Chwalek, A. De Iorio, N. Faltermann, A. Giammanco, A. O. M. Iorio, W.A. Khan, M. Komm, L. Lista , Th. Muller, and P. Ott}",
      title  = "Selection for the single top t-channel analyses with the 2016 dataset at 13 TeV",
      type   = "{CMS Analysis Note}",
      note   = "{AN-17-056}",
      year   = "2017"
}


@TECHREPORT{twiki:MUO,
      collaboration="{Muon POG}",
      TITLE       = " Reference muon id, isolation and trigger efficiencies for Run-II",
      URL         = "https://twiki.cern.ch/twiki/bin/viewauth/CMS/MuonReferenceEffsRun2",
      TYPE        = "Twiki",
      YEAR        = "2015"
}

@TECHREPORT{twiki:EGM,
      collaboration="{Egamma POG}",
      TITLE       = "Cut Based Electron ID for Run 2 ",
      URL         = "https://twiki.cern.ch/twiki/bin/viewauth/CMS/CutBasedElectronIdentificationRun2",
      TYPE        = "Twiki",
      YEAR        = "2015"
}

@TECHREPORT{twiki:MuonSF,
      collaboration="{Muon POG}",
      TITLE       = " Reference muon id, isolation and trigger efficiencies for Run-II",
      URL         = "https://twiki.cern.ch/twiki/bin/viewauth/CMS/MuonReferenceEffsRun2",
      TYPE        = "Twiki",
      YEAR        = "2015"
}

@TECHREPORT{twiki:EGMSF,
      collaboration="{Egamma POG}",
      TITLE       = "Electron Scale Factors for Run 2",
      URL         = "https://twiki.cern.ch/twiki/bin/view/CMS/ElectronScaleFactorsRun2",
      TYPE        = "Twiki",
      YEAR        = "2015"
}

@article{Sirunyan:2018fpa,
  author =	 "Sirunyan, A. M. and others",
  title =	 "{Performance of the CMS muon detector and muon
                  reconstruction with proton-proton collisions at
                  $\sqrt{s}=$ 13 TeV}",
  collaboration ="CMS",
  journal =	 "JINST",
  volume =	 "13",
  year =	 "2018",
  number =	 "06",
  pages =	 "P06015",
  doi =		 "10.1088/1748-0221/13/06/P06015",
  eprint =	 "1804.04528",
  archivePrefix ="arXiv",
  primaryClass = "physics.ins-det",
  reportNumber = "CMS-MUO-16-001, CERN-EP-2018-058",
  SLACcitation = "%%CITATION = ARXIV:1804.04528;%%"
}

@techreport{CMS-AN-2009-111,
  AUTHOR =	 "{Adam, N. and others}",
  TITLE =	 "{Generic Tag and Probe Tool for Measuring Efficiency at CMS with Early Data}",
  url =          "http://cms.cern.ch/iCMS/jsp/openfile.jsp?tp=draft&files=AN2009_111_v1.pdf",
  type =	 "{CMS Analysis Note}",
  number =	 "{CMS-AN-2009/111}",
  year =	 "2009"
}

@article{Khachatryan:2015hwa,
  author =	 "Khachatryan, Vardan and others",
  title =	 "{Performance of Electron Reconstruction and
                  Selection with the CMS Detector in Proton-Proton
                  Collisions at $\sqrt{s} = 8$ TeV}",
  collaboration ="CMS",
  journal =	 "JINST",
  volume =	 "10",
  year =	 "2015",
  number =	 "06",
  pages =	 "P06005",
  doi =		 "10.1088/1748-0221/10/06/P06005",
  eprint =	 "1502.02701",
  archivePrefix ="arXiv",
  primaryClass = "physics.ins-det",
  reportNumber = "CMS-EGM-13-001, CERN-PH-EP-2015-004",
  SLACcitation = "%%CITATION = ARXIV:1502.02701;%%"
}

@article{Khachatryan:2016kdb,
  author =	 "Khachatryan, Vardan and others",
  title =	 "{Jet energy scale and resolution in the CMS
                  experiment in pp collisions at 8 TeV}",
  collaboration ="CMS",
  journal =	 "JINST",
  volume =	 "12",
  year =	 "2017",
  number =	 "02",
  pages =	 "P02014",
  doi =		 "10.1088/1748-0221/12/02/P02014",
  eprint =	 "1607.03663",
  archivePrefix ="arXiv",
  primaryClass = "hep-ex",
  reportNumber = "CMS-JME-13-004, CERN-PH-EP-2015-305",
  SLACcitation = "%%CITATION = ARXIV:1607.03663;%%"
}
												
@article{Sirunyan:2017ezt,
  author =	 "Sirunyan, A. M. and others",
  title =	 "{Identification of heavy-flavour jets with the CMS
                  detector in pp collisions at 13 TeV}",
  collaboration ="CMS",
  journal =	 "JINST",
  volume =	 "13",
  year =	 "2018",
  number =	 "05",
  pages =	 "P05011",
  doi =		 "10.1088/1748-0221/13/05/P05011",
  eprint =	 "1712.07158",
  archivePrefix ="arXiv",
  primaryClass = "physics.ins-det",
  reportNumber = "CMS-BTV-16-002, CERN-EP-2017-326",
  SLACcitation = "%%CITATION = ARXIV:1712.07158;%%"
}
												
@article{Chatrchyan:2012jua,
  author =	 "Chatrchyan, Serguei and others",
  title =	 "{Identification of b-quark jets with the CMS
                  experiment}",
  collaboration ="CMS",
  journal =	 "JINST",
  volume =	 "8",
  year =	 "2013",
  pages =	 "P04013",
  doi =		 "10.1088/1748-0221/8/04/P04013",
  eprint =	 "1211.4462",
  archivePrefix ="arXiv",
  primaryClass = "hep-ex",
  reportNumber = "CMS-BTV-12-001, CERN-PH-EP-2012-262",
  SLACcitation = "%%CITATION = ARXIV:1211.4462;%%"
}
									      
@techreport{twiki:BTV,
           collaboration="{BTV POG}",
            TITLE="BTagCalibration Documentation",
            url="https://twiki.cern.ch/twiki/bin/view/CMS/BTagCalibration",
            type="twiki",
            year="2015"
}

@techreport{CMS-AN-2015-048,
  AUTHOR =	 "{Mariani,~V. and others}",
  TITLE =	 "{Measurement of the relative tracking efficiency for
                  charged pions using the ratio of branching fractions
                  for D0 decays to\ $K\pi\pi$ and $K\pi$}",
  url =
                  "http://cms.cern.ch/iCMS/jsp/openfile.jsp?tp=draft&files=AN2015_248_v4.pdf",
  type =	 "{CMS Analysis Note}",
  number =	 "{CMS-AN-2015/048}",
  year =	 "2017"
}

@techreport{twiki:trkpogeff,
  collaboration ="{TRK POG}",
  TITLE =	 "{CMS Tracking POG Performance Plots for year 2016}",
  url =
                  "https://twiki.cern.ch/twiki/bin/view/CMSPublic/TrackingPOGPlots2016",
  type =	 "twiki",
  year =	 "2016"
}
							   
@unpublished{CMS-DP-2016-012,
  title =	 "{Tracking POG plot results on 2015 data}",
  collaboration ="CMS",
  month =	 "Apr",
  year =	 "2016",
  type =	 "{Detector Performance Summary}",
  reportNumber = "CMS-DP-2016-012",
  url =		 "https://cds.cern.ch/record/2155558",
}
					  

@TECHREPORT{twiki:JES,
      collaboration="{JetMET POG}",
      TITLE       = "Recommended Jet Energy Corrections and Uncertainties For Data and MC",
      URL         = "https://twiki.cern.ch/twiki/bin/view/CMS/JECDataMC",
      TYPE        = "Twiki Page",
      YEAR        = "2017"
}

@TECHREPORT{twiki:JESUS,
  author =       "{CMS collaboration}",
  TITLE =	 "Jet energy scale uncertainty sources",
  URL =          "https://twiki.cern.ch/twiki/bin/viewauth/CMS/JECUncertaintySources",
  TYPE =	 "Twiki Page",
  YEAR =	 "2017"
}

@TECHREPORT{evtgen,
  collaboration ="{EvtGen}",
  TITLE =	 "EvtGen",
  URL =          "https://evtgen.hepforge.org/",
  TYPE =	 "HepForge Page",
  YEAR =	 "2018"
}
@article{Lange:2001uf,
  author =	 "Lange, D. J.",
  title =	 "{The EvtGen particle decay simulation package}",
  booktitle =	 "{Proceedings, 7th International Conference on B
                  physics at hadron machines (BEAUTY 2000): Maagan,
                  Israel, September 13-18, 2000}",
  journal =	 "Nucl. Instrum. Meth.",
  volume =	 "A462",
  year =	 "2001",
  pages =	 "152-155",
  doi =		 "10.1016/S0168-9002(01)00089-4",
  SLACcitation = "%%CITATION = NUIMA,A462,152;%%"
}

@article{Sirunyan:2018avv,
  author =	 "Sirunyan, Albert M. and others",
  title =	 "{Study of the underlying event in top quark pair
                  production in pp collisions at 13 TeV}",
  collaboration ="CMS",
  year =	 "2018",
  eprint =	 "1807.02810",
  archivePrefix ="arXiv",
  primaryClass = "hep-ex",
  reportNumber = "CMS-TOP-17-015, CERN-EP-2018-177",
  SLACcitation = "%%CITATION = ARXIV:1807.02810;%%"
}

@article{Christiansen:2015yqa,
  author =	 "Christiansen, Jesper R. and Skands, Peter Z.",
  title =	 "{String Formation Beyond Leading Colour}",
  journal =	 "JHEP",
  volume =	 "08",
  year =	 "2015",
  pages =	 "003",
  doi =		 "10.1007/JHEP08(2015)003",
  eprint =	 "1505.01681",
  archivePrefix ="arXiv",
  primaryClass = "hep-ph",
  reportNumber = "COEPP-MN-15-1, LU-TP-15-16, MCNET-15-09",
  SLACcitation = "%%CITATION = ARXIV:1505.01681;%%"
}

@article{Argyropoulos:2014zoa,
  author =	 "Argyropoulos, Spyros and Sjöstrand, Torbjörn",
  title =	 "{Effects of color reconnection on $t\bar{t}$ final
                  states at the LHC}",
  journal =	 "JHEP",
  volume =	 "11",
  year =	 "2014",
  pages =	 "043",
  doi =		 "10.1007/JHEP11(2014)043",
  eprint =	 "1407.6653",
  archivePrefix ="arXiv",
  primaryClass = "hep-ph",
  reportNumber = "LU-TP-14-23, DESY-14-134, MCNET-14-15",
  SLACcitation = "%%CITATION = ARXIV:1407.6653;%%"
}


@article{Bahr:2008pv,
  author =	 "Bahr, M. and others",
  title =	 "{Herwig++ Physics and Manual}",
  journal =	 "Eur. Phys. J.",
  volume =	 "C58",
  year =	 "2008",
  pages =	 "639-707",
  doi =		 "10.1140/epjc/s10052-008-0798-9",
  eprint =	 "0803.0883",
  archivePrefix ="arXiv",
  primaryClass = "hep-ph",
  reportNumber = "CERN-PH-TH-2008-038, CAVENDISH-HEP-08-03,
                  KA-TP-05-2008, DCPT-08-22, IPPP-08-11, CP3-08-05",
  SLACcitation = "%%CITATION = ARXIV:0803.0883;%%"
}

@techreport{CMS-PAS-TOP-13-007,
  collaboration ="CMS",
  title =	 "{Study of the underlying event, b-quark
                  fragmentation and hadronization properties in \ttbar
                  events}",
  type =	 "{CMS Physics Analysis Summary}",
  number =	 "{CMS-PAS-TOP-13-007}",
  year =	 "2013",
  url =		 "http://cds.cern.ch/record/1600599",
}

@article{Sakuma:2013jqa,
  author =	 "Sakuma, Tai and McCauley, Thomas",
  title =	 "{Detector and Event Visualization with SketchUp at
                  the CMS Experiment}",
  booktitle =	 "{Proceedings, 20th International Conference on
                  Computing in High Energy and Nuclear Physics (CHEP
                  2013): Amsterdam, The Netherlands, October 14-18,
                  2013}",
  journal =	 "J. Phys. Conf. Ser.",
  volume =	 "513",
  year =	 "2014",
  pages =	 "022032",
  doi =		 "10.1088/1742-6596/513/2/022032",
  eprint =	 "1311.4942",
  archivePrefix ="arXiv",
  primaryClass = "physics.ins-det",
  reportNumber = "CMS-CR-2013-379, FERMILAB-CONF-13-592-CMS-WDRS,
                  CMS-CR-2013-379-",
  SLACcitation = "%%CITATION = ARXIV:1311.4942;%%"
}
			      
@article{Gleisberg:2008ta,
  author =	 "Gleisberg, T. and Hoeche, Stefan. and Krauss, F. and
                  Schonherr, M. and Schumann, S. and Siegert, F. and
                  Winter, J.",
  title =	 "{Event generation with SHERPA 1.1}",
  journal =	 "JHEP",
  volume =	 "02",
  year =	 "2009",
  pages =	 "007",
  doi =		 "10.1088/1126-6708/2009/02/007",
  eprint =	 "0811.4622",
  archivePrefix ="arXiv",
  primaryClass = "hep-ph",
  reportNumber = "FERMILAB-PUB-08-477-T, SLAC-PUB-13420, ZU-TH-17-08,
                  DCPT-08-138, IPPP-08-69, EDINBURGH-2008-30,
                  MCNET-08-14",
  SLACcitation = "%%CITATION = ARXIV:0811.4622;%%"
}

@article{Hoche:2015sya,
  author =	 "Höche, Stefan and Prestel, Stefan",
  title =	 "{The midpoint between dipole and parton showers}",
  journal =	 "Eur. Phys. J.",
  volume =	 "C75",
  year =	 "2015",
  number =	 "9",
  pages =	 "461",
  doi =		 "10.1140/epjc/s10052-015-3684-2",
  eprint =	 "1506.05057",
  archivePrefix ="arXiv",
  primaryClass = "hep-ph",
  reportNumber = "SLAC-PUB-16304, MCNET-15-13",
  SLACcitation = "%%CITATION = ARXIV:1506.05057;%%"
}

@article{Seymour:2013qka,
  author =	 "Seymour, Michael H. and Siodmok, Andrzej",
  title =	 "{Constraining MPI models using $\sigma_{eff}$ and
                  recent Tevatron and LHC Underlying Event data}",
  journal =	 "JHEP",
  volume =	 "10",
  year =	 "2013",
  pages =	 "113",
  doi =		 "10.1007/JHEP10(2013)113",
  eprint =	 "1307.5015",
  archivePrefix ="arXiv",
  primaryClass = "hep-ph",
  reportNumber = "MAN-HEP-2013-14, MCNET-13-08",
  SLACcitation = "%%CITATION = ARXIV:1307.5015;%%"
}

@techreport{Sjostrand:hadronisation,
          author="{Sjostrand, T.}",
          TITLE="Particle Physics Phenomenology. Hadronization",
          url="http://home.thep.lu.se/~torbjorn/ppp2011/lec7.pdf",
          type="Lecture note",
          year="2011"
}


@article{Buckley:2010ar,
  author =	 "Buckley, Andy and Butterworth, Jonathan and
                  Lonnblad, Leif and Grellscheid, David and Hoeth,
                  Hendrik and Monk, James and Schulz, Holger and
                  Siegert, Frank",
  title =	 "{Rivet user manual}",
  journal =	 "Comput. Phys. Commun.",
  volume =	 "184",
  year =	 "2013",
  pages =	 "2803-2819",
  doi =		 "10.1016/j.cpc.2013.05.021",
  eprint =	 "1003.0694",
  archivePrefix ="arXiv",
  primaryClass = "hep-ph",
  reportNumber = "MCNET-10-03",
  SLACcitation = "%%CITATION = ARXIV:1003.0694;%%"
}
											  
@article{Bellm:2015jjp,
  author =	 "Bellm, Johannes and others",
  title =	 "{Herwig 7.0/Herwig++ 3.0 release note}",
  journal =	 "Eur. Phys. J.",
  volume =	 "C76",
  year =	 "2016",
  number =	 "4",
  pages =	 "196",
  doi =		 "10.1140/epjc/s10052-016-4018-8",
  eprint =	 "1512.01178",
  archivePrefix ="arXiv",
  primaryClass = "hep-ph",
  reportNumber = "CERN-PH-TH-2015-289, MAN-HEP-2015-15,
                  IFJPAN-IV-2015-13, KA-TP-18-2015, DCPT-15-142,
                  MCNET-15-28, IPPP-15-71, HERWIG-2015-01",
  SLACcitation = "%%CITATION = ARXIV:1512.01178;%%"
}
			      


@article{Sphicas:2002gg,
  author =	 "Sphicas, P.",
  title =	 "{CMS: The TriDAS project. Technical design report,
                  Vol.  2: Data acquisition and high-level trigger}",
  collaboration ="CMS",
  year =	 "2002",
  reportNumber = "CERN-LHCC-2002-026",
  SLACcitation = "%%CITATION = CERN-LHCC-2002-026;%%"
}

@article{Adam:2005zf,
  author =	 "Adam, W. and others",
  title =	 "{The CMS high level trigger}",
  collaboration ="CMS Trigger and Data Acquisition Group",
  journal =	 "Eur. Phys. J.",
  volume =	 "C46",
  year =	 "2006",
  pages =	 "605-667",
  doi =		 "10.1140/epjc/s2006-02495-8",
  eprint =	 "hep-ex/0512077",
  archivePrefix ="arXiv",
  primaryClass = "hep-ex",
  SLACcitation = "%%CITATION = HEP-EX/0512077;%%"
}
									

@techreport{twiki:toptrig,
         collaboration="{TOP}",
          TITLE="TOP Trigger (Run2)",
          url="https://twiki.cern.ch/twiki/bin/view/CMS/TopTrigger",
          type="twiki",
          year="2017"
}

@article{Adam:2003kg,
  author =	 "Adam, W. and Fruhwirth, R. and Strandlie, A. and
                  Todorov, T.",
  title =	 "{Reconstruction of electrons with the Gaussian sum
                  filter in the CMS tracker at LHC}",
  booktitle =	 "{Proceedings, 13th International Conference on
                  Computing in High-Enery and Nuclear Physics (CHEP
                  2003): La Jolla, California, March 24-28, 2003}",
  journal =	 "eConf",
  volume =	 "C0303241",
  year =	 "2003",
  pages =	 "TULT009",
  doi =		 "10.1088/0954-3899/31/9/N01",
  note =	 "[J. Phys.G31,N9(2005)]",
  eprint =	 "physics/0306087",
  archivePrefix ="arXiv",
  primaryClass = "physics.data-an",
  reportNumber = "CHEP-2003-TULT009",
  SLACcitation = "%%CITATION = PHYSICS/0306087;%%"
}

@article{Bertolini:2014bba,
  author =	 "Bertolini, Daniele and Harris, Philip and Low,
                  Matthew and Tran, Nhan",
  title =	 "{Pileup Per Particle Identification}",
  journal =	 "JHEP",
  volume =	 "10",
  year =	 "2014",
  pages =	 "059",
  doi =		 "10.1007/JHEP10(2014)059",
  eprint =	 "1407.6013",
  archivePrefix ="arXiv",
  primaryClass = "hep-ph",
  reportNumber = "FERMILAB-PUB-14-238-PPD, EFI-14-18, MIT-CTP-4558",
  SLACcitation = "%%CITATION = ARXIV:1407.6013;%%"
}

@techreport{code:pseudotop,
  AUTHOR =	 "{Goh,~J. and Seidel,~M.}",
  TITLE =	 "PseudoTopProducer",
  url =
                  "https://github.com/intrepid42/cmssw/tree/pseudotoprivet_80x/TopQuarkAnalysis/TopEventProducers",
  type =	 "github repository",
  year =	 "2017"
}
									}
									

@article{Adam:2005bya,
  author =	 "Adam, Wolfgang and Frühwirth, R. and Strandlie, Are
                  and Todor, T.",
  title =	 "{Reconstruction of Electrons with the Gaussian-Sum
                  Filter in the CMS Tracker at the LHC}",
  year =	 "2005",
  reportNumber = "CMS-NOTE-2005-001, CERN-CMS-NOTE-2005-001",
  SLACcitation = "%%CITATION = CMS-NOTE-2005-001;%%"
}
					  
@article{Schmitt:2012kp,
      author         = "Schmitt, Stefan",
      title          = "{TUnfold: an algorithm for correcting migration effects
                        in high energy physics}",
      journal        = "JINST",
      volume         = "7",
      year           = "2012",
      pages          = "T10003",
      doi            = "10.1088/1748-0221/7/10/T10003",
      eprint         = "1205.6201",
      archivePrefix  = "arXiv",
      primaryClass   = "physics.data-an",
      reportNumber   = "DESY-12-129",
      SLACcitation   = "%%CITATION = ARXIV:1205.6201;%%"
}

@article{Cacciari:2008gp,
      author         = "Cacciari, Matteo and Salam, Gavin P. and Soyez, Gregory",
      title          = "{The Anti-k(t) jet clustering algorithm}",
      journal        = "JHEP",
      volume         = "04",
      year           = "2008",
      pages          = "063",
      doi            = "10.1088/1126-6708/2008/04/063",
      eprint         = "0802.1189",
      archivePrefix  = "arXiv",
      primaryClass   = "hep-ph",
      reportNumber   = "LPTHE-07-03",
      SLACcitation   = "%%CITATION = ARXIV:0802.1189;%%"
}

@article{Cacciari:2011ma,
      author         = "Cacciari, Matteo and Salam, Gavin P. and Soyez, Gregory",
      title          = "{FastJet User Manual}",
      journal        = "Eur. Phys. J.",
      volume         = "C72",
      year           = "2012",
      pages          = "1896",
      doi            = "10.1140/epjc/s10052-012-1896-2",
      eprint         = "1111.6097",
      archivePrefix  = "arXiv",
      primaryClass   = "hep-ph",
      reportNumber   = "CERN-PH-TH-2011-297",
      SLACcitation   = "%%CITATION = ARXIV:1111.6097;%%"
}

@article{Bartel:1981kh,
      author         = "Bartel, W. and others",
      title          = "{Experimental Study of Jets in electron - Positron
                        Annihilation}",
      collaboration  = "JADE",
      journal        = "Phys. Lett.",
      volume         = "101B",
      year           = "1981",
      pages          = "129-134",
      doi            = "10.1016/0370-2693(81)90505-0",
      reportNumber   = "DESY-81-009",
      SLACcitation   = "%%CITATION = PHLTA,101B,129;%%"
}

@article{Gustafson:1988fs,
      author         = "Gustafson, Gosta and Pettersson, Ulf and Zerwas, P. M.",
      title          = "{Jet Final States in W W Pair Production and Color
                        Screening in the QCD Vacuum}",
      journal        = "Phys. Lett.",
      volume         = "B209",
      year           = "1988",
      pages          = "90-94",
      doi            = "10.1016/0370-2693(88)91836-9",
      reportNumber   = "LU-TP-88-04",
      SLACcitation   = "%%CITATION = PHLTA,B209,90;%%"
}

@techreport{url:cfat,
          author="{Veckalns, V.}",
          TITLE="CFAT",
          url="https://github.com/vveckaln/CFAT",
          type="url",
          year="2018"
}

@article{Brun,
      author         = "Brun, R. and Rademakers, F.",
      title          = "{ROOT - An Object Oriented Data Analysis Framework}",
      journal        = "Nucl. Inst.",
      volume         = "A 389 ",
      year           = "1997",
      pages          = "81-86",
      SLACcitation   = "%%CITATION = PHLTA,B209,90;%%"
}


@techreport{url:compoundhistounfolding,
          author="{Veckalns, V.}",
          TITLE="CompoundHistoUnfolding",
          url="https://github.com/vveckaln/COMPOUNHISTOUNFOLDING",
          type="url",
          year="2018"
}


@article{Cowan:2010js,
  author =	 "Cowan, Glen and Cranmer, Kyle and Gross, Eilam and
                  Vitells, Ofer",
  title =	 "{Asymptotic formulae for likelihood-based tests of
                  new physics}",
  journal =	 "Eur. Phys. J.",
  volume =	 "C71",
  year =	 "2011",
  pages =	 "1554",
  doi =		 "10.1140/epjc/s10052-011-1554-0,
                  10.1140/epjc/s10052-013-2501-z",
  note =	 "[Erratum: Eur. Phys. J.C73,2501(2013)]",
  eprint =	 "1007.1727",
  archivePrefix ="arXiv",
  primaryClass = "physics.data-an",
  SLACcitation = "%%CITATION = ARXIV:1007.1727;%%"
}

@techreport{url:combine,
         collaboration="{CMS collaboration}",
          TITLE="The CMS combine tool",
          url="https://cms-hcomb.gitbooks.io/combine/",
          type="url",
          year="2018"
}

@techreport{url:roofit,
          author="Verkerke, W. and Kirkby, D.",
          TITLE="RooFit Users Manual v2.91",
          url="https://root.cern.ch/download/doc/RooFit_Users_Manual_2.91-33.pdf",
          type="url",
          year="2008"
}
